@article{knuth84,
  author    = {Donald E. Knuth},
  title     = {Literate Programming},
  journal   = {The Computer Journal},
  year      = {1984},
  volume    = {27},
  pages     = {97--111},
}

@book{knuth86a,
  author    = {Donald E. Knuth},
  title     = {The {\TeX}book},
  volume    = {A},
  series    = {Computers and Typesetting},
  publisher = {Addison-Wesley},
  address   = {Reading, MA, USA},
  year      = {1986},
}

@book{knuth86b,
  author    = {Donald E. Knuth},
  title     = {{\TeX}: The Program},
  volume    = {B},
  series    = {Computers and Typesetting},
  publisher = {Addison-Wesley},
  address   = {Reading, MA, USA},
  year      = {1986},
}

@book{lamport94,
  author    = {Leslie Lamport},
  title     = {{\LaTeX}: a Document Preparation System},
  publisher = {Addison-Wesley},
  address   = {Reading, MA, USA},
  edition   = {2},
  year      = {1994},
}

@book{tlc2,
  author    = {Frank Mittelbach and Michel Goossens and Johannes
                 Braams and David Carlisle},
  title     = {The {\LaTeX} Companion},
  publisher = {Addison-Wesley},
  address   = {Reading, MA, USA},
  edition   = {2},
  year      = {2004},
}

@collection{slg,
  editor    = {孙立广},
  key       = {sun1 li4 guang3},
  title     = {顶级期刊论文摘要汇编（1999--2010）},
  address   = {合肥},
  publisher = {中国科学技术大学出版社},
  year      = {2016},
  pages     = {222},
}

@incollection{cgw,
  author    = {程根伟},
  key       = {cheng2 gen1 wei3},
  title     = {1998年长江洪水的成因与减灾对策},
  editor    = {许厚泽 and 赵其国},
  booktitle = {长江流域洪涝灾害与科技对策},
  address   = {北京},
  publisher = {科学出版社},
  year      = {1999},
  pages     = {26--32},
}

@article{kqy,
  author    = {孔庆勇 and 郭红健 and 孔庆和},
  key       = {kong3 qing4 yong3},
  title     = {我国科技期刊的金字塔分层模型及发展路径初探},
  journal   = {中国科技期刊研究},
  year      = {2015},
  volume    = {26},
  number    = {10},
  pages     = {1100--1103},
}

@newspaper{dwx,
  author    = {丁文详},
  key       = {ding1 wen2 xiang2},
  title     = {数字革命与竞争国际化},
  journal   = {中国青年报},
  year      = {2000},
  date      = {2000-11-20},
  number    = {15},
}

@patent{jxz,
  author    = {姜锡洲},
  key       = {jiang1 xi1 zhou1},
  title     = {一种温热外敷药制备方案：中国，88105607.3},
  year      = {1989},
  date      = {1989-07-26},
}

@database{wjk,
  author    = {万锦坤},
  key       = {wan4 jin3 kun1},
  title     = {中国大学学报论文文摘（1983--1993）（英文版）},
  medium    = {CD},
  address   = {北京},
  publisher = {中国大百科全书出版社},
  year      = {1996},
}

@phdthesis{syw,
  author    = {孙玉文},
  key       = {sun1 yu4 wen2},
  title     = {汉语变调构词研究},
  address   = {北京},
  school    = {北京大学},
  year      = {2000},
}
