@article{panigrahy2011heuristics,
  title={Heuristics for vector bin packing},
  author={Panigrahy, Rina and Talwar, Kunal and Uyeda, Lincoln and Wieder, Udi},
  journal={research. microsoft. com},
  year={2011}
}

@article{gabay2016vector,
  title={Vector bin packing with heterogeneous bins: application to the machine reassignment problem},
  author={Gabay, Micha{\"e}l and Zaourar, Sofia},
  journal={Annals of Operations Research},
  volume={242},
  number={1},
  pages={161--194},
  year={2016},
  publisher={Springer}
}

@inproceedings{klimovic2018pocket,
  title={Pocket: Elastic ephemeral storage for serverless analytics},
  author={Klimovic, Ana and Wang, Yawen and Stuedi, Patrick and Trivedi, Animesh and Pfefferle, Jonas and Kozyrakis, Christos},
  booktitle={13th $\{$USENIX$\}$ Symposium on Operating Systems Design and Implementation ($\{$OSDI$\}$ 18)},
  pages={427--444},
  year={2018}
}

@article{delimitrou2014quasar,
  title={Quasar: Resource-efficient and qos-aware cluster management},
  author={Delimitrou, Christina and Kozyrakis, Christos},
  journal={ACM SIGPLAN Notices},
  volume={49},
  number={4},
  pages={127--144},
  year={2014},
  publisher={ACM New York, NY, USA}
}

@inproceedings{weil2006ceph,
  title={Ceph: A scalable, high-performance distributed file system},
  author={Weil, Sage A and Brandt, Scott A and Miller, Ethan L and Long, Darrell DE and Maltzahn, Carlos},
  booktitle={Proceedings of the 7th symposium on Operating systems design and implementation},
  pages={307--320},
  year={2006}
}

@inproceedings{huang2012erasure,
  title={Erasure coding in windows azure storage},
  author={Huang, Cheng and Simitci, Huseyin and Xu, Yikang and Ogus, Aaron and Calder, Brad and Gopalan, Parikshit and Li, Jin and Yekhanin, Sergey},
  booktitle={2012 $\{$USENIX$\}$ Annual Technical Conference ($\{$USENIX$\}$$\{$ATC$\}$ 12)},
  pages={15--26},
  year={2012}
}

@inproceedings{suresh2015c3,
  title={C3: Cutting tail latency in cloud data stores via adaptive replica selection},
  author={Suresh, Lalith and Canini, Marco and Schmid, Stefan and Feldmann, Anja},
  booktitle={12th $\{$USENIX$\}$ Symposium on Networked Systems Design and Implementation ($\{$NSDI$\}$ 15)},
  pages={513--527},
  year={2015}
}

@inproceedings{hao2016tail,
  title={The tail at store: A revelation from millions of hours of disk and $\{$SSD$\}$ deployments},
  author={Hao, Mingzhe and Soundararajan, Gokul and Kenchammana-Hosekote, Deepak and Chien, Andrew A and Gunawi, Haryadi S},
  booktitle={14th $\{$USENIX$\}$ Conference on File and Storage Technologies ($\{$FAST$\}$ 16)},
  pages={263--276},
  year={2016}
}

@inproceedings{jiang2021fusionraid,
  title={FusionRAID: Achieving Consistent Low Latency for Commodity $\{$SSD$\}$ Arrays},
  author={Jiang, Tianyang and Zhang, Guangyan and Huang, Zican and Ma, Xiaosong and Wei, Junyu and Li, Zhiyue and Zheng, Weimin},
  booktitle={19th $\{$USENIX$\}$ Conference on File and Storage Technologies ($\{$FAST$\}$ 21)},
  pages={355--370},
  year={2021}
}

@inproceedings{kim2018ssdcheck,
  title={SSDcheck: Timely and accurate prediction of irregular behaviors in black-box SSDs},
  author={Kim, Joonsung and Park, Pyeongsu and Ahn, Jaehyung and Kim, Jihun and Kim, Jong and Kim, Jangwoo},
  booktitle={2018 51st Annual IEEE/ACM International Symposium on Microarchitecture (MICRO)},
  pages={455--468},
  year={2018},
  organization={IEEE}
}

@misc{nvme2020,
  title={{NVM} express, revision 1.4b},
  journal={NVM Express, Inc},
  howpublished = {\url{https://nvmexpress.org/wp-content/uploads/NVM-Express-1_4b-2020.09.21-Ratified.pdf}},
  year={2020}
}

@inproceedings{yang2017spdk,
  title={Spdk: A development kit to build high performance storage applications},
  author={Yang, Ziye and Harris, James R and Walker, Benjamin and Verkamp, Daniel and Liu, Changpeng and Chang, Cunyin and Cao, Gang and Stern, Jonathan and Verma, Vishal and Paul, Luse E},
  booktitle={2017 IEEE International Conference on Cloud Computing Technology and Science (CloudCom)},
  pages={154--161},
  year={2017},
  organization={IEEE}
}

@article{rocksdb,
  title={Under the hood: Building and open-sourcing {RocksDB}},
  author={Borthakur, Dhruba},
  journal={Facebook Engineering Notes},
  howpublished={\url{https://www.facebook.com/notes/facebook-engineering/under-the-hood-building-and-open-sourcing-rocksdb/10151822347683920/}},
  year={2013}
}

@article{barroso2013datacenter,
  title={The datacenter as a computer: An introduction to the design of warehouse-scale machines},
  author={Barroso, Luiz Andr{\'e} and Clidaras, Jimmy and H{\"o}lzle, Urs},
  journal={Synthesis lectures on computer architecture},
  volume={8},
  number={3},
  pages={1--154},
  year={2013},
  publisher={Morgan \& Claypool Publishers}
}

@inproceedings{klimovic2016flash,
  title={Flash storage disaggregation},
  author={Klimovic, Ana and Kozyrakis, Christos and Thereska, Eno and John, Binu and Kumar, Sanjeev},
  booktitle={Proceedings of the Eleventh European Conference on Computer Systems},
  pages={29},
  year={2016},
  organization={ACM}
}

@inproceedings{zuck2019and,
  title={Why and how to increase ssd performance transparency},
  author={Zuck, Aviad and G{\"u}hring, Philipp and Zhang, Tao and Porter, Donald E and Tsafrir, Dan},
  booktitle={Proceedings of the Workshop on Hot Topics in Operating Systems},
  pages={192--200},
  year={2019}
}

@inproceedings{he2017unwritten,
  title={The unwritten contract of solid state drives},
  author={He, Jun and Kannan, Sudarsun and Arpaci-Dusseau, Andrea C and Arpaci-Dusseau, Remzi H},
  booktitle={Proceedings of the Twelfth European Conference on Computer Systems},
  pages={127--144},
  year={2017}
}

@article{chen2009understanding,
  title={Understanding intrinsic characteristics and system implications of flash memory based solid state drives},
  author={Chen, Feng and Koufaty, David A and Zhang, Xiaodong},
  journal={ACM SIGMETRICS Performance Evaluation Review},
  volume={37},
  number={1},
  pages={181--192},
  year={2009},
  publisher={ACM New York, NY, USA}
}

@Book{ArpaciDusseau18-Book,
  author =       {Remzi H. Arpaci-Dusseau and Andrea C. Arpaci-Dusseau},
  title =        "{Operating Systems: Three Easy Pieces}",
  publisher =    {Arpaci-Dusseau Books},
  month =        "August",
  year =         {2018},
  edition =      {1.00},
}

@inproceedings{cao2020characterizing,
  title={Characterizing, modeling, and benchmarking rocksdb key-value workloads at facebook},
  author={Cao, Zhichao and Dong, Siying and Vemuri, Sagar and Du, David HC},
  booktitle={18th $\{$USENIX$\}$ Conference on File and Storage Technologies ($\{$FAST$\}$ 20)},
  pages={209--223},
  year={2020}
}

@article{klimovic2017reflex,
  title={Reflex: Remote flash≈ local flash},
  author={Klimovic, Ana and Litz, Heiner and Kozyrakis, Christos},
  journal={ACM SIGARCH Computer Architecture News},
  volume={45},
  number={1},
  pages={345--359},
  year={2017},
  publisher={ACM New York, NY, USA}
}

@inproceedings{hao2020linnos,
  title={LinnOS: Predictability on Unpredictable Flash Storage with a Light Neural Network},
  author={Hao, Mingzhe and Toksoz, Levent and Li, Nanqinqin and Halim, Edward Edberg and Hoffmann, Henry and Gunawi, Haryadi S},
  booktitle={14th $\{$USENIX$\}$ Symposium on Operating Systems Design and Implementation ($\{$OSDI$\}$ 20)},
  pages={173--190},
  year={2020}
}

@article{grandl2014multi,
  title={Multi-resource packing for cluster schedulers},
  author={Grandl, Robert and Ananthanarayanan, Ganesh and Kandula, Srikanth and Rao, Sriram and Akella, Aditya},
  journal={ACM SIGCOMM Computer Communication Review},
  volume={44},
  number={4},
  pages={455--466},
  year={2014},
  publisher={ACM New York, NY, USA}
}

@inproceedings{eisenman2019flashield,
  title={Flashield: a hybrid key-value cache that controls flash write amplification},
  author={Eisenman, Assaf and Cidon, Asaf and Pergament, Evgenya and Haimovich, Or and Stutsman, Ryan and Alizadeh, Mohammad and Katti, Sachin},
  booktitle={16th $\{$USENIX$\}$ Symposium on Networked Systems Design and Implementation ($\{$NSDI$\}$ 19)},
  pages={65--78},
  year={2019}
}

@inproceedings{kwon2020dc,
  title={DC-store: eliminating noisy neighbor containers using deterministic I/O performance and resource isolation},
  author={Kwon, Miryeong and Gouk, Donghyun and Lee, Changrim and Kim, Byounggeun and Hwang, Jooyoung and Jung, Myoungsoo},
  booktitle={18th $\{$USENIX$\}$ Conference on File and Storage Technologies ($\{$FAST$\}$ 20)},
  pages={183--191},
  year={2020}
}

@phdthesis{li2020evolving,
  title={Evolving Storage Stack for Predictability and Efficiency},
  author={Li, Huaicheng},
  year={2020},
  school={The University of Chicago}
}

@book{胡运权2003运筹学教程,
  title={运筹学教程},
  author={胡运权},
  year={2003},
  publisher={清华大学出版社}
}

@article{dean2013tail,
  title={The tail at scale},
  author={Dean, Jeffrey and Barroso, Luiz Andr{\'e}},
  journal={Communications of the ACM},
  volume={56},
  number={2},
  pages={74--80},
  year={2013},
  publisher={ACM New York, NY, USA}
}

@inproceedings{silva2016efficient,
  title={Efficient heuristics for placing large-scale distributed applications on multiple clouds},
  author={Silva, Pedro and Perez, Christian and Desprez, Fr{\'e}d{\'e}ric},
  booktitle={2016 16th IEEE/ACM International Symposium on Cluster, Cloud and Grid Computing (CCGrid)},
  pages={483--492},
  year={2016},
  organization={IEEE}
}

@article{petersen2018enabling,
  title={Enabling NVMe I/O determinism at scale},
  author={Petersen, Chris and Zhang, Wei and Naberezhnov, Alexei},
  journal={The 12th annual Flash Memory Summit},
  year={2018}
}

@inproceedings{weil2006crush,
  title={CRUSH: Controlled, scalable, decentralized placement of replicated data},
  author={Weil, Sage A and Brandt, Scott A and Miller, Ethan L and Maltzahn, Carlos},
  booktitle={SC'06: Proceedings of the 2006 ACM/IEEE Conference on Supercomputing},
  pages={31--31},
  year={2006},
  organization={IEEE}
}

@inproceedings{legtchenko2017understanding,
  title={Understanding rack-scale disaggregated storage},
  author={Legtchenko, Sergey and Williams, Hugh and Razavi, Kaveh and Donnelly, Austin and Black, Richard and Douglas, Andrew and Cheriere, Nathanael and Fryer, Daniel and Mast, Kai and Brown, Angela Demke and others},
  booktitle={9th $\{$USENIX$\}$ Workshop on Hot Topics in Storage and File Systems (HotStorage 17)},
  year={2017}
}